@article{
Hirano2008,
author = {Hirano, Ken-ichi and Ikeda, Yoshihiko and Zaima, Nobuhiro and Sakata, Yasuhiko and Matsumiya, Goro},
title = {Triglyceride Deposit Cardiomyovasculopathy},
journal = {New England Journal of Medicine},
volume = {359},
number = {22},
pages = {2396-2398},
year = {2008},
}

@article{
Hirano2014,
author = {Ken-ichi Hirano and Tatsuya Tanaka and Yoshihiko Ikeda and Satoshi Yamaguchi and Nobuhiro Zaima and Kazuhiro Kobayashi and Akira Suzuki and Yasuhiko Sakata and Yasushi Sakata and Kunihisa Kobayashi and Tatsushi Toda and Norihide Fukushima and Hatsue Ishibashi-Ueda and Daniela Tavian and Hironori Nagasaka and Shu-Ping Hui and Hitoshi Chiba and Yoshiki Sawa and Masatsugu Hori},
title = {Genetic mutations in adipose triglyceride lipase and myocardial up-regulation of peroxisome proliferated activated receptor-γ in patients with triglyceride deposit cardiomyovasculopathy},
journal = {Biochemical and Biophysical Research Communications},
volume = {443},
number = {2},
pages = {574-579},
year = {2014},
issn = {0006-291X},
}

@article{
  Suzuki2018,
  author={Akira Suzuki and Satoshi Yamaguchi and Ming Li and Yasuhiro Hara and Hideyuki Miyauchi and Yoshihiko Ikeda and Bo Zhang and Masahiro Higashi and Yasuyuki Ikeda and Atsuko Takagi and Hironori Nagasaka and Kunihisa Kobayashi and Yasuhiro Magata and Toshiaki Aoyama and Ken-ichi Hirano},
  title={Tricaprin Rescues Myocardial Abnormality in a Mouse Model of Triglyceride Deposit Cardiomyovasculopathy},
  journal={Journal of Oleo Science},
  volume={67},
  number={8},
  pages={983-989},
  year={2018},
}

@article{
  Mayer2013,
  author={Nicole Mayer and Martina Schweiger and Matthias Romauch and Gernot F Grabner and Thomas O Eichmann and Elisabeth Fuchs and Jakov Ivkovic and Christoph Heier and Irina Mrak and Achim Lass and Gerald Höfler and Christian Fledelius and Rudolf Zechner and Robert Zimmermann and Rolf Breinbauer},
  title={Development of small-molecule inhibitors targeting adipose triglyceride lipase},
  journal={Nature Chemical Biology},
  volume={9},
  pages={785-787},
  year={2013},
}

@article{
    Hashimoto2012,
    author = {Hashimoto, Takeshi and Segawa, Hiroki and Okuno, Masanari and Kano, Hideaki and Hamaguchi, Hiro-o and Haraguchi, Tokuko and Hiraoka, Yasushi and Hasui, Shiho and Yamaguchi, Tomohiro and Hirose, Fumiko and Osumi, Takashi},
    title = {Active involvement of micro-lipid droplets and lipid-droplet-associated proteins in hormone-stimulated lipolysis in adipocytes},
    journal = {Journal of Cell Science},
    volume = {125},
    number = {24},
    pages = {6127-6136},
    year = {2012},
    month = {12},
}